<collection xmlns="http://www.loc.gov/MARC21/slim">
<record>
  <leader>03733nam0a2200577 i 450 </leader>
  <controlfield tag="001">IT\ICCU\CNCE\046698</controlfield>
  <controlfield tag="005">20190515000000.0</controlfield>
  <datafield tag="012" ind1=" " ind2=" ">
    <subfield code="a">exo. o-s. e.es ToHi (3) 1551 (R)</subfield>
    <subfield code="2">fei</subfield>
  </datafield>
  <datafield tag="100" ind1=" " ind2=" ">
    <subfield code="a">19990204d1551        0itac0103    ba</subfield>
  </datafield>
  <datafield tag="101" ind1=" " ind2=" ">
    <subfield code="a">LAT</subfield>
    <subfield code="a">GRC</subfield>
    <subfield code="a">HEB</subfield>
  </datafield>
  <datafield tag="102" ind1=" " ind2=" ">
    <subfield code="a">IT</subfield>
  </datafield>
  <datafield tag="200" ind1="1" ind2=" ">
    <subfield code="a">℗Aldi Pii Manutii ℗Institutionum grammaticarum libri quatuor. Addito in fine De octo partium orationis constructione libello Erasmo Roterodamo authore. Quae quoque libro continentur hanc voluenti chartam statim se offerunt</subfield>
  </datafield>
  <datafield tag="210" ind1=" " ind2=" ">
    <subfield code="a">Venetiis</subfield>
    <subfield code="c">\eredi di Pietro Ravani &amp; C.!</subfield>
    <subfield code="d">1551</subfield>
    <subfield code="e">Venetiis</subfield>
    <subfield code="g">apud haeredes Petri Rauani &amp; socios</subfield>
    <subfield code="h">mense Ianuario 1551</subfield>
  </datafield>
  <datafield tag="215" ind1=" " ind2=" ">
    <subfield code="a">\10!, 162 \i.e. 262!, \4! c.</subfield>
    <subfield code="d">8ʻ</subfield>
  </datafield>
  <datafield tag="300" ind1=" " ind2=" ">
    <subfield code="a">A c. D3r: De literis graecis, ac diphthongis, &amp; quemadmodum ad nos ueniant ... Carmina aurea Pythagorae. Phocylidis poema ... Introductio ... ad hebraicam linguam. - A c. F6r: De octo partium orationis constructione libellus ... L&apos;autore  ̈William Lily, Erasmo ne  ̈il curatore. Cfr.: Dictionary of national biography, 33, p. 256</subfield>
  </datafield>
  <datafield tag="620" ind1=" " ind2=" ">
    <subfield code="a">IT</subfield>
    <subfield code="d">Venezia</subfield>
  </datafield>
  <datafield tag="700" ind1=" " ind2="1">
    <subfield code="a">Manuzio,</subfield>
    <subfield code="b">Aldo</subfield>
    <subfield code="c"> &lt;il vecchio&gt;</subfield>
    <subfield code="3">IT\ICCU\CNCA\000081</subfield>
  </datafield>
  <datafield tag="702" ind1=" " ind2="0">
    <subfield code="a">Erasmus</subfield>
    <subfield code="c"> : Roterodamus</subfield>
    <subfield code="3">IT\ICCU\CNCA\000155</subfield>
  </datafield>
  <datafield tag="702" ind1=" " ind2="0">
    <subfield code="a">Pythagoras</subfield>
    <subfield code="3">IT\ICCU\CNCA\001106</subfield>
  </datafield>
  <datafield tag="702" ind1=" " ind2="0">
    <subfield code="a">Phocylides</subfield>
    <subfield code="3">IT\ICCU\CNCA\005016</subfield>
  </datafield>
  <datafield tag="702" ind1=" " ind2="1">
    <subfield code="a">Lily,</subfield>
    <subfield code="b">William</subfield>
    <subfield code="3">IT\ICCU\CNCA\006668</subfield>
  </datafield>
  <datafield tag="712" ind1="0" ind2="0">
    <subfield code="a">Ravani, Pietro - eredi &amp; C.</subfield>
    <subfield code="3">IT\ICCU\CNCT\002927</subfield>
    <subfield code="4">650</subfield>
  </datafield>
  <datafield tag="790" ind1=" " ind2="1">
    <subfield code="a">Manutius,</subfield>
    <subfield code="b">Aldus</subfield>
    <subfield code="c"> &lt;il vecchio&gt;</subfield>
    <subfield code="3">IT\ICCU\CNCA\014566</subfield>
    <subfield code="z">Manuzio, Aldo &lt;il vecchio&gt;</subfield>
  </datafield>
  <datafield tag="790" ind1=" " ind2="1">
    <subfield code="a">Manutius,</subfield>
    <subfield code="b">Aldus Pius</subfield>
    <subfield code="3">IT\ICCU\CNCA\020961</subfield>
    <subfield code="z">Manuzio, Aldo &lt;il vecchio&gt;</subfield>
  </datafield>
  <datafield tag="790" ind1=" " ind2="1">
    <subfield code="a">Geertszoom,</subfield>
    <subfield code="b">Erazm</subfield>
    <subfield code="3">IT\ICCU\CNCA\014087</subfield>
    <subfield code="z">Erasmus : Roterodamus</subfield>
  </datafield>
  <datafield tag="790" ind1=" " ind2="0">
    <subfield code="a">Erasmo</subfield>
    <subfield code="c"> : da#Rotterdam</subfield>
    <subfield code="3">IT\ICCU\CNCA\014177</subfield>
    <subfield code="z">Erasmus : Roterodamus</subfield>
  </datafield>
  <datafield tag="790" ind1=" " ind2="1">
    <subfield code="a">Erasmus,</subfield>
    <subfield code="b">Desiderius</subfield>
    <subfield code="3">IT\ICCU\CNCA\014178</subfield>
    <subfield code="z">Erasmus : Roterodamus</subfield>
  </datafield>
  <datafield tag="790" ind1=" " ind2="1">
    <subfield code="a">Geertsz,</subfield>
    <subfield code="b">Geert</subfield>
    <subfield code="3">IT\ICCU\CNCA\017421</subfield>
    <subfield code="z">Erasmus : Roterodamus</subfield>
  </datafield>
  <datafield tag="790" ind1=" " ind2="0">
    <subfield code="a">Erasmus Desiderius</subfield>
    <subfield code="c"> : Roterodamus</subfield>
    <subfield code="3">IT\ICCU\CNCA\018661</subfield>
    <subfield code="z">Erasmus : Roterodamus</subfield>
  </datafield>
  <datafield tag="790" ind1=" " ind2="0">
    <subfield code="a">Erasmus</subfield>
    <subfield code="3">IT\ICCU\CNCA\023311</subfield>
    <subfield code="z">Erasmus : Roterodamus</subfield>
  </datafield>
  <datafield tag="790" ind1=" " ind2="0">
    <subfield code="a">Desiderius Erasmus</subfield>
    <subfield code="c"> : Roterodamus</subfield>
    <subfield code="3">IT\ICCU\CNCA\023312</subfield>
    <subfield code="z">Erasmus : Roterodamus</subfield>
  </datafield>
  <datafield tag="790" ind1=" " ind2="0">
    <subfield code="a">Erasmo</subfield>
    <subfield code="c"> : da#Rotorodamo</subfield>
    <subfield code="3">IT\ICCU\CNCA\023313</subfield>
    <subfield code="z">Erasmus : Roterodamus</subfield>
  </datafield>
  <datafield tag="790" ind1=" " ind2="0">
    <subfield code="a">Pitagora</subfield>
    <subfield code="3">IT\ICCU\CNCA\014864</subfield>
    <subfield code="z">Pythagoras</subfield>
  </datafield>
  <datafield tag="790" ind1=" " ind2="0">
    <subfield code="a">Pythagoras</subfield>
    <subfield code="c"> : Samius</subfield>
    <subfield code="3">IT\ICCU\CNCA\023705</subfield>
    <subfield code="z">Pythagoras</subfield>
  </datafield>
  <datafield tag="790" ind1=" " ind2="0">
    <subfield code="a">Phocylides</subfield>
    <subfield code="c"> : Miliesius</subfield>
    <subfield code="3">IT\ICCU\CNCA\021751</subfield>
    <subfield code="z">Phocylides</subfield>
  </datafield>
  <datafield tag="790" ind1=" " ind2="0">
    <subfield code="a">Focilide</subfield>
    <subfield code="3">IT\ICCU\CNCA\021752</subfield>
    <subfield code="z">Phocylides</subfield>
  </datafield>
  <datafield tag="790" ind1=" " ind2="0">
    <subfield code="a">Lilius</subfield>
    <subfield code="c"> : Anglus</subfield>
    <subfield code="3">IT\ICCU\CNCA\014562</subfield>
    <subfield code="z">Lily, William</subfield>
  </datafield>
  <datafield tag="790" ind1=" " ind2="1">
    <subfield code="a">Lilius,</subfield>
    <subfield code="b">Guilielmus</subfield>
    <subfield code="3">IT\ICCU\CNCA\020303</subfield>
    <subfield code="z">Lily, William</subfield>
  </datafield>
  <datafield tag="801" ind1=" " ind2="3">
    <subfield code="a">IT</subfield>
    <subfield code="b">ICCU</subfield>
    <subfield code="c">20201115</subfield>
  </datafield>
  <datafield tag="899" ind1=" " ind2=" ">
    <subfield code="a">Biblioteca civica A. Mai. Bergamo</subfield>
    <subfield code="z">MUTILO</subfield>
    <subfield code="1">BG0026</subfield>
    <subfield code="2">LO1 02</subfield>
  </datafield>
  <datafield tag="899" ind1=" " ind2=" ">
    <subfield code="a">Biblioteca del Clero di S. Alessandro in Colonna (depositata presso Bibl. mons. G.M. Radini Tedeschi). Bergamo</subfield>
    <subfield code="z">MUTILO</subfield>
    <subfield code="1">BG0043</subfield>
    <subfield code="2">LO1 56</subfield>
  </datafield>
  <datafield tag="899" ind1=" " ind2=" ">
    <subfield code="a">Biblioteca della Fondazione Ugo da Como. Lonato</subfield>
    <subfield code="1">BS0092</subfield>
    <subfield code="2">LO1 18</subfield>
  </datafield>
  <datafield tag="899" ind1=" " ind2=" ">
    <subfield code="a">Biblioteca statale. Lucca</subfield>
    <subfield code="1">LU0022</subfield>
    <subfield code="2">LUA BL</subfield>
  </datafield>
  <datafield tag="899" ind1=" " ind2=" ">
    <subfield code="a">Biblioteca di Ateneo dell&apos;Universit ̉cattolica del Sacro Cuore. Milano</subfield>
    <subfield code="1">MI0291</subfield>
    <subfield code="2">ZMI 18</subfield>
  </datafield>
  <datafield tag="899" ind1=" " ind2=" ">
    <subfield code="a">Biblioteca comunale Sperelliana. Gubbio</subfield>
    <subfield code="z">MUTILO</subfield>
    <subfield code="1">PG0049</subfield>
    <subfield code="2">UM1 11</subfield>
  </datafield>
  <datafield tag="899" ind1=" " ind2=" ">
    <subfield code="a">Biblioteca Oliveriana. Pesaro</subfield>
    <subfield code="1">PU0061</subfield>
    <subfield code="2">URB OL</subfield>
  </datafield>
  <datafield tag="899" ind1=" " ind2=" ">
    <subfield code="a">Biblioteca nazionale centrale. Roma</subfield>
    <subfield code="1">RM0267</subfield>
    <subfield code="2">BVE CR</subfield>
  </datafield>
  <datafield tag="899" ind1=" " ind2=" ">
    <subfield code="a">Collezione privata Casagrande. San Don ̉di Piave</subfield>
    <subfield code="z">MUTILO</subfield>
    <subfield code="1">VE0259</subfield>
    <subfield code="2">ZVE 20</subfield>
  </datafield>
  <datafield tag="899" ind1=" " ind2=" ">
    <subfield code="a">Biblioteca civica Bertoliana. Vicenza</subfield>
    <subfield code="1">VI0096</subfield>
    <subfield code="2">VIA BE</subfield>
  </datafield>
  <datafield tag="911" ind1=" " ind2=" ">
    <subfield code="a">Sul front.</subfield>
    <subfield code="9">IT\ICCU\CNCM\001442</subfield>
  </datafield>
  <datafield tag="921" ind1=" " ind2=" ">
    <subfield code="a">IT\ICCU\CNCM\001442</subfield>
    <subfield code="b">Sirena coronata, bicaudata, che tiene le due code alzate con le mani. Nella cornice del frontespizio</subfield>
    <subfield code="c">U382</subfield>
    <subfield code="d">Dimensioni: 5 x 3</subfield>
    <subfield code="f">SIRENA</subfield>
    <subfield code="g">1531-1558</subfield>
  </datafield>
</record>
</collection>
